@article {Takeuchi1971,
    AUTHOR = {Takeuchi, Mitsuhiro},
     TITLE = {Free {H}opf algebras generated by coalgebras},
   JOURNAL = {J. Math. Soc. Japan},
  FJOURNAL = {Journal of the Mathematical Society of Japan},
    VOLUME = {23},
      YEAR = {1971},
     PAGES = {561--582},
      ISSN = {0025-5645},
   MRCLASS = {16A24 (18H15)},
  MRNUMBER = {292876},
MRREVIEWER = {Richard G. Larson},
       DOI = {10.2969/jmsj/02340561},
       URL = {https://doi.org/10.2969/jmsj/02340561},
}

@article{xu2022cancellation,
  title={On the cancellation-free antipode formula for the Malvenuto-Reutenauer Hopf Algebra},
  author={Xu, Da and Yu, Houyi},
  journal={arXiv preprint arXiv:2208.06841},
  year={2022}
}


@incollection{stanley1975combinatorial,
  title={Combinatorial reciprocity theorems},
  author={Stanley, Richard P},
  booktitle={Combinatorics},
  pages={307--318},
  year={1975},
  publisher={Springer}
}


@article{humpert2012incidence,
  title={The incidence Hopf algebra of graphs},
  author={Humpert, Brandon and Martin, Jeremy L},
  journal={SIAM Journal on Discrete Mathematics},
  volume={26},
  number={2},
  pages={555--570},
  year={2012},
  publisher={SIAM}
}


@article{aguiar2017hopf,
  title={Hopf monoids and generalized permutahedra},
  author={Aguiar, Marcelo and Ardila, Federico},
  journal={arXiv preprint arXiv:1709.07504},
  year={2017}
}


@article{zagier2009one,
  title={A one-sentence proof that every prime p= 1 (mod 4) is a sum of two squares},
  author={Zagier, D},
  journal={Biscuits of Number Theory},
  volume={34},
  pages={143},
  year={2009},
  publisher={American Mathematical Soc.}
}


@article{adeniran2022pattern,
  title={Pattern Avoidance in Parking Functions},
  author={Adeniran, Ayomikun and Pudwell, Lara},
  journal={arXiv preprint arXiv:2209.04068},
  year={2022}
}


@book{knuth2005art,
  title={The Art of Computer Programming, Volume 1, Fascicle 1: MMIX--A RISC Computer for the New Millennium},
  author={Knuth, Donald E},
  year={2005},
  publisher={Addison-Wesley Professional}
}

@article{wilf2002patterns,
  title={The patterns of permutations},
  author={Wilf, Herbert S},
  journal={Discrete Mathematics},
  volume={257},
  number={2-3},
  pages={575--583},
  year={2002},
  publisher={Elsevier}
}


@article{albert2020two,
  title={Two first-order logics of permutations},
  author={Albert, Michael and Bouvel, Mathilde and F{\'e}ray, Valentin},
  journal={Journal of Combinatorial Theory, Series A},
  volume={171},
  pages={105158},
  year={2020},
  publisher={Elsevier}
}

@book{linton2010permutation,
  title={Permutation Patterns},
  author={Linton, Steve and Ru{\v{s}}kuc, Nik and Vatter, Vincent},
  volume={376},
  year={2010},
  publisher={Cambridge University Press}
}


@article {BS2017,
    AUTHOR = {Benedetti, Carolina and Sagan, Bruce E.},
     TITLE = {Antipodes and involutions},
   JOURNAL = {J. Combin. Theory Ser. A},
  FJOURNAL = {Journal of Combinatorial Theory. Series A},
    VOLUME = {148},
      YEAR = {2017},
     PAGES = {275--315},
      ISSN = {0097-3165},
   MRCLASS = {16T30 (05E15)},
  MRNUMBER = {3603322},
MRREVIEWER = {Tanja Stojadinovi\'{c}},
       DOI = {10.1016/j.jcta.2016.12.005},
       URL = {https://doi.org/10.1016/j.jcta.2016.12.005},
}

@article{BGLPV2021,
  title={Hopf algebras of parking functions and decorated planar trees},
  author={Bergeron, Nantel and D'Le{\'o}n, Rafael S Gonz{\'a}lez and Li, Shu Xiao and Pang, CY and Vargas, Yannic},
  journal={arXiv preprint arXiv:2109.05434},
  year={2021}
}

@article{Penaguiao2020,
  title={Pattern Hopf algebras},
  author={Penaguiao, Raul},
  journal={arXiv preprint arXiv:2001.09800},
  year={2020}
}

@book {AM2010,
    AUTHOR = {Aguiar, Marcelo and Mahajan, Swapneel},
     TITLE = {Monoidal functors, species and {H}opf algebras},
    SERIES = {CRM Monograph Series},
    VOLUME = {29},
      NOTE = {With forewords by Kenneth Brown and Stephen Chase and Andr\'{e}
              Joyal},
 PUBLISHER = {American Mathematical Society, Providence, RI},
      YEAR = {2010},
     PAGES = {lii+784},
      ISBN = {978-0-8218-4776-3},
   MRCLASS = {18D10 (05A30 16T30)},
  MRNUMBER = {2724388},
MRREVIEWER = {Volodymyr V. Lyubashenko},
       DOI = {10.1090/crmm/029},
       URL = {https://doi.org/10.1090/crmm/029},
}


@article {Schmitt1993,
    AUTHOR = {Schmitt, William R.},
     TITLE = {Hopf algebras of combinatorial structures},
   JOURNAL = {Canad. J. Math.},
  FJOURNAL = {Canadian Journal of Mathematics. Journal Canadien de
              Math\'{e}matiques},
    VOLUME = {45},
      YEAR = {1993},
    NUMBER = {2},
     PAGES = {412--428},
      ISSN = {0008-414X},
   MRCLASS = {16W30 (05E99)},
  MRNUMBER = {1208124},
MRREVIEWER = {V. A. Artamonov},
       DOI = {10.4153/CJM-1993-021-5},
       URL = {https://doi.org/10.4153/CJM-1993-021-5},
}

@article{MalvenutoReutenauer,
  title={Duality between quasi-symmetrical functions and the solomon descent algebra},
  author={Malvenuto, Claudia and Reutenauer, Christophe},
  journal={Journal of Algebra},
  volume={177},
  number={3},
  pages={967--982},
  year={1995},
  publisher={Elsevier}
}

@article{BergeronBenedetti,
  title={The antipode of linearized Hopf monoids},
  author={Benedetti, Carolina and Bergeron, Nantel},
  journal={Algebraic Combinatorics},
  volume={2},
  number={5},
  pages={903--935},
  year={2019}
}

@article{Knuth,
  title={The art of computer programming, vol 1: Fundamental},
  author={Knuth, Donald E},
  journal={Algorithms. Reading, MA: Addison-Wesley},
  year={1968}
}

@article{Vargas,
  title={Hopf algebra of permutation pattern functions},
  author={Vargas, Yannic},
  journal={Discrete Mathematics \& Theoretical Computer Science},
  year={2014},
  publisher={Episciences. org}
}

@book{GrinbergReiner,
  title={Hopf algebras in combinatorics},
  author={Grinberg, Darij and Reiner, Victor},
  year={2020},
  publisher={Mathematisches Forschungsinstitut Oberwolfach gGmbH}
}

@article{AM2013,
  title={Hopf monoids in the category of species},
  author={Aguiar, Marcelo and Mahajan, Swapneel},
  journal={Hopf algebras and tensor categories},
  volume={585},
  pages={17--124},
  year={2013}
}

@book{Loehr,
  title={Bijective combinatorics},
  author={Loehr, Nicholas},
  year={2011},
  publisher={CRC Press}
}
